%% This BibTeX bibliography file was created using BibDesk.
%% http://bibdesk.sourceforge.net/


%% Created for Luca Lo Iacono at 2016-03-05 16:45:04 +0100 


%% Saved with string encoding Unicode (UTF-8) 


@url{latex,
	Date-Added = {2016-03-05 16:34:41 +0000},
	Date-Modified = {2016-03-05 16:35:07 +0000},
	Keywords = {latex},
	Title = {Latex},
	Urldate = {https://www.latex-project.org/}
}

@url{population_and_enviroment,
	Date-Added = {2016-03-05 16:34:41 +0000},
	Date-Modified = {2016-03-05 16:35:07 +0000},
	Keywords = {population_and_enviroment},
	Title = {Population and Enviroment},
	Urldate = {https://www.rand.org/pubs/research_briefs/RB5045.html}
}

@url{la_mincrometrologia,
	Date-Added = {2016-03-05 16:34:41 +0000},
	Date-Modified = {2016-03-05 16:35:07 +0000},
	Keywords = {la_mincrometrologia},
	Title = {La minicrometrologia e la dispersione degli inquinanti in aria},
	Urldate = {https://www.isprambiente.gov.it/files/aria/micrometeorologiadispersioneinquinanti.pdf}
}

@url{arpa_veneto,
	Date-Added = {2016-03-05 16:34:41 +0000},
	Date-Modified = {2016-03-05 16:35:07 +0000},
	Keywords = {Cosa dice la normativa sulla qualità dell'aria?},
	Title = {Cosa dice la normativa sulla qualità dell'aria?},
	Urldate = {https://www.arpa.veneto.it/temi-ambientali/aria/cosa-dice-la-normativa#:~:text=con%20il%20D.-,Lgs.,e%20inferiore%20a%2050%20MW%22.}
}

@url{data_visualization,
	Date-Added = {2016-03-05 16:34:41 +0000},
	Date-Modified = {2016-03-05 16:35:07 +0000},
	Keywords = {data_visualization},
	Title = {Data Visualization Metamorfosi dei dati tra software e siti di visualizzazione},
	Urldate = {https://www.tesionline.it/tesi/preview/data-visualization-metamorfosi-dei-dati-tra-software-e-siti-di-visualizzazione/35910}
}

@url{color_symbolism,
	Date-Added = {2016-03-05 16:34:41 +0000},
	Date-Modified = {2016-03-05 16:35:07 +0000},
	Keywords = {color_symbolism},
	Title = {Color Symbolism},
	Urldate = {https://www.milanartinstitute.com/blog/symbolism-of-color#:~:text=Colors%20have%20an%20emotional%20effect,discover%20the%20meaning%20of%20colors.}
}

@url{hermann,
	Date-Added = {2016-03-05 16:34:41 +0000},
	Date-Modified = {2016-03-05 16:35:07 +0000},
	Keywords = {Taxonomy of Sonification},
	Title = {TAXONOMY AND DEFINITIONS FOR SONIFICATION AND AUDITORY DISPLAY},
	Urldate = {https://www.icad.org/Proceedings/2008/Hermann2008.pdf}
}

@url{audiovideo,
	Date-Added = {2016-03-05 16:34:41 +0000},
	Date-Modified = {2016-03-05 16:35:07 +0000},
	Keywords = {Can Interactive Audio Improve Videoconferencing?},
	Title = {Can Interactive Audio Improve Videoconferencing?},
	Urldate = {https://www.highfidelity.com/blog/can-interactive-audio-improve-videoconferencing#:~:text=Sound%20is%20critical.%E2%80%9D,comprehend%20than%20ones%20with%20video.}
}

@url{accessibility,
	Date-Added = {2016-03-05 16:34:41 +0000},
	Date-Modified = {2016-03-05 16:35:07 +0000},
	Keywords = {Benefits of Sonification for Users Who are Blind or Low Vision},
	Title = {Benefits of Sonification for Users Who are Blind or Low Vision},
	Urldate = {https://www.perkins.org/resource/sonification-summary-page/#:~:text=Sonification%20is%20the%20use%20of,low%20vision%2C%20particularly%20for%20math.}
}

@url{sonification_model,
	Date-Added = {2016-03-05 16:34:41 +0000},
	Date-Modified = {2016-03-05 16:35:07 +0000},
	Keywords = {The sonification handbook},
	Title = {The sonification Handbook},
	Urldate = {https://sonification.de/handbook/download/TheSonificationHandbook-chapter16.pdf}
}

@url{bitcoin,
	Date-Added = {2016-03-05 16:34:41 +0000},
	Date-Modified = {2016-03-05 16:35:07 +0000},
	Keywords = {I Created Music From Data Using Python!},
	Title = {I Created Music From Data Using Python!},
	Urldate = {https://towardsdatascience.com/i-created-music-from-data-using-python-adfc349f55f1}
}

@url{nasa,
	Date-Added = {2016-03-05 16:34:41 +0000},
	Date-Modified = {2016-03-05 16:35:07 +0000},
	Keywords = {Explore - From Space to Sound},
	Title = {Explore - From Space to Sound},
	Urldate = {https://www.nasa.gov/content/explore-from-space-to-sound}
}

@url{serum,
	Date-Added = {2016-03-05 16:34:41 +0000},
	Date-Modified = {2016-03-05 16:35:07 +0000},
	Keywords = {Serum},
	Title = {Serum},
	Urldate = {https://xferrecords.com/products/serum/}
}

@url{aqibasics,
	Date-Added = {2016-03-05 16:34:41 +0000},
	Date-Modified = {2016-03-05 16:35:07 +0000},
	Keywords = {Air Quality Basics},
	Title = {Air Quality Basics},
	Urldate = {https://www.airnow.gov/aqi/aqi-basics/}
}

@url{polluter_pays,
	Date-Added = {2016-03-05 16:34:41 +0000},
	Date-Modified = {2016-03-05 16:35:07 +0000},
	Keywords = {Polluter Pays Principle},
	Title = {Polluter Pays Principle},
	Urldate = {https://www.oecd.org/officialdocuments/publicdisplaydocumentpdf/?cote=OCDE/GD(92)81&docLanguage=En}
}